
@book{Bib:Nocedal,
  author = "J. Nocedal and S.-J. Wright",
  year = "1999",
  title = "Numerical Optimization",
  publisher = "Springer-Verlag"
};

@article{Bib:Mombaur,
  author = "K. Mombaur and A. Truong and J.-P. Laumond",
  year = "2010",
  title  = "From human to humanoid locomotionâ€”an inverse optimal control approach",
  journal = "Autonomous Robots",
  volume = "28",
  pages = "369-383"
};

@inproceedings{Bib:Johnson,
  author = "M. Johnson and N. Aghasadeghi and T. Bretl",
  title = "Inverse optimal control for deterministic continuous-time nonlinear systems",
  booktitle = "IEEE Int. Conf. on Decision and Control",
  address = "Florence, Italy",
  year = "2013"
};

@inproceedings{Bib:PuydupinJamin,
  author = "A.-S. Puydupin-Jamin and M. Johnson and T. Bretl",
  title = "A Convex Approach to Inverse Optimal Control and its Application to Modeling Human Locomotion",
  booktitle = "IEEE Int. Conf. on Robotics and Automation",
  address = "Saint Paul, Minnesota",
  year = "2012"
};

@inproceedings{Bib:Keshavarz,
  author = "A. Keshavarz and Y. Wang and S. Boyd",
  title = "Imputing a Convex Objective Function",
  booktitle = "IEEE Int. Symp. on Intelligent Control",
  address = "Denver, CO",
  year = "2011"
};

@unpublished{Bib:Borum,
  author = "A. Borum",
  title = "Inverse optimal control with pointwise constraints",
  note = "Personal communication",
  address = "Urbana, IL",
  year = "2016"
};

@article{Bib:englert,
  title={Inverse KKT: Learning cost functions of manipulation tasks from demonstrations},
  author={Englert, Peter and Vien, Ngo Anh and Toussaint, Marc},
  journal={The International Journal of Robotics Research},
  volume={36},
  number={13-14},
  pages={1474--1488},
  year={2017},
  publisher={SAGE Publications Sage UK: London, England}
};